<?xml version="1.0" encoding="UTF-8"?><collection xmlns="http://www.loc.gov/MARC21/slim"><record><leader>00488nam--2200181-i-4500</leader><controlfield tag="001">000021380</controlfield><controlfield tag="002">20161230</controlfield><controlfield tag="005">20170108231211</controlfield><controlfield tag="008">060222s1000------------r-----000-0-ger-d</controlfield><datafield ind1=" " ind2=" " tag="040"><subfield code="a">IFIN-HH</subfield></datafield><datafield ind1=" " ind2=" " tag="041"><subfield code="a">ger</subfield></datafield><datafield ind1=" " ind2=" " tag="080"><subfield code="a">53</subfield></datafield><datafield ind1="1" ind2=" " tag="100"><subfield code="a">Kohlrausch, F</subfield></datafield><datafield ind1="1" ind2="0" tag="245"><subfield code="a">Praktische physik zum gebrauch fur unterricht, forschung und technik. Band 2</subfield><subfield code="c">F. Kolrausch</subfield></datafield><datafield ind1=" " ind2=" " tag="260"><subfield code="a">Stuttgart</subfield><subfield code="b">B.G. Teubner</subfield><subfield code="c">1962</subfield></datafield><datafield ind1=" " ind2=" " tag="300"><subfield code="a">XII+816 p</subfield></datafield><datafield ind1=" " ind2=" " tag="852"><subfield code="a">12788</subfield><subfield code="c">53.08</subfield></datafield><datafield ind1=" " ind2=" " tag="CAT"><subfield code="a">SYS</subfield><subfield code="c">20170108</subfield><subfield code="h">231211</subfield></datafield></record></collection>